<?xml version="1.0" encoding="UTF-8"?>
<record xmlns="http://www.loc.gov/MARC21/slim" xmlns:xsi="http://www.w3.org/2001/XMLSchema-instance" xsi:schemaLocation="http://www.loc.gov/MARC21/slim http://www.loc.gov/standards/marcxml/schema/MARC21slim.xsd">
<leader>00000cam a22      a 4500</leader>
<controlfield tag="001">001683125</controlfield>
<controlfield tag="003">NNU</controlfield>
<controlfield tag="005">20150401165427.0</controlfield>
<controlfield tag="008">810728s1968    iq a     b    000 0bara</controlfield>
<datafield tag="010" ind1=" " ind2=" ">
<subfield code="a">ne 72238030</subfield>
</datafield>
<datafield tag="035" ind1=" " ind2=" ">
<subfield code="a">(OCoLC)7621935</subfield>
<subfield code="z">(OCoLC)187312845</subfield>
</datafield>
<datafield tag="040" ind1=" " ind2=" ">
<subfield code="a">DLC</subfield>
<subfield code="b">eng</subfield>
<subfield code="c">TKN</subfield>
<subfield code="d">TKN</subfield>
<subfield code="d">OSU</subfield>
<subfield code="d">CLU</subfield>
<subfield code="d">OCLCA</subfield>
<subfield code="d">OCLCQ</subfield>
<subfield code="d">OCLCF</subfield>
</datafield>
<datafield tag="043" ind1=" " ind2=" ">
<subfield code="a">f-ua---</subfield>
</datafield>
<datafield tag="050" ind1="0" ind2="0">
<subfield code="a">PJ7860.A34</subfield>
<subfield code="b">Z59 1968</subfield>
</datafield>
<datafield tag="100" ind1="1" ind2=" ">
<subfield code="6">880-01</subfield>
<subfield code="a">Badrī, Muṣṭafá Nuʻmān,</subfield>
<subfield code="d">1934-</subfield>
</datafield>
<datafield tag="245" ind1="1" ind2="3">
<subfield code="6">880-02</subfield>
<subfield code="a">al-Imām Muṣṭafá Ṣādiq al-Rāfiʻī /</subfield>
<subfield code="c">[taʼlīf] Muṣṭafá Nuʻmān Ḥusayn al-Badrī ; [qaddama lahu Muḥammad Bahjah al-Atharī].</subfield>
</datafield>
<datafield tag="246" ind1="1" ind2="4">
<subfield code="a">Mustafa Sādiq al-Rafiʼi :</subfield>
<subfield code="b">his age, his biography, and his writings</subfield>
</datafield>
<datafield tag="260" ind1=" " ind2=" ">
<subfield code="6">880-03</subfield>
<subfield code="a">[Baghdād] :</subfield>
<subfield code="b">Maṭbaʻat Dār al-Baṣray,</subfield>
<subfield code="c">[1968]</subfield>
</datafield>
<datafield tag="300" ind1=" " ind2=" ">
<subfield code="a">12, 488 pages :</subfield>
<subfield code="b">illustrations ;</subfield>
<subfield code="c">25 cm</subfield>
</datafield>
<datafield tag="336" ind1=" " ind2=" ">
<subfield code="a">text</subfield>
<subfield code="b">txt</subfield>
<subfield code="2">rdacontent</subfield>
</datafield>
<datafield tag="337" ind1=" " ind2=" ">
<subfield code="a">unmediated</subfield>
<subfield code="b">n</subfield>
<subfield code="2">rdamedia</subfield>
</datafield>
<datafield tag="338" ind1=" " ind2=" ">
<subfield code="a">volume</subfield>
<subfield code="b">nc</subfield>
<subfield code="2">rdacarrier</subfield>
</datafield>
<datafield tag="504" ind1=" " ind2=" ">
<subfield code="a">Includes bibliographical references (pages 479-486).</subfield>
</datafield>
<datafield tag="600" ind1="1" ind2="0">
<subfield code="6">880-04</subfield>
<subfield code="a">Rāfiʻī, Muṣṭafá Ṣādiq,</subfield>
<subfield code="d">-1937.</subfield>
</datafield>
<datafield tag="650" ind1=" " ind2="0">
<subfield code="a">Authors, Arab</subfield>
<subfield code="z">Egypt</subfield>
<subfield code="v">Biography.</subfield>
</datafield>
<datafield tag="600" ind1="1" ind2="7">
<subfield code="a">Rāfiʻī, Muṣṭafá Ṣādiq,</subfield>
<subfield code="d">-1937.</subfield>
<subfield code="2">fast</subfield>
<subfield code="0">(OCoLC)fst01843041</subfield>
</datafield>
<datafield tag="650" ind1=" " ind2="7">
<subfield code="a">Authors, Arab.</subfield>
<subfield code="2">fast</subfield>
<subfield code="0">(OCoLC)fst00821793</subfield>
</datafield>
<datafield tag="651" ind1=" " ind2="7">
<subfield code="a">Egypt.</subfield>
<subfield code="2">fast</subfield>
<subfield code="0">(OCoLC)fst01208755</subfield>
</datafield>
<datafield tag="655" ind1=" " ind2="7">
<subfield code="a">Biography.</subfield>
<subfield code="2">fast</subfield>
<subfield code="0">(OCoLC)fst01423686</subfield>
</datafield>
<datafield tag="700" ind1="1" ind2=" ">
<subfield code="6">880-05</subfield>
<subfield code="a">Atharī, Muḥammad Bahjat.</subfield>
</datafield>
<datafield tag="776" ind1="0" ind2="8">
<subfield code="i">Online version:</subfield>
<subfield code="a">Badrī, Muṣṭafá Nuʻmān, 1934-</subfield>
<subfield code="t">Imām Muṣṭafā sādiq al-Rafiʼī.</subfield>
<subfield code="d">[Baghdād] : Matbaʼat Dār al-Baṣray, [1968]</subfield>
<subfield code="w">(OCoLC)586067973</subfield>
</datafield>
<datafield tag="880" ind1="1" ind2=" ">
<subfield code="6">100-01/</subfield>
<subfield code="a">بدري، مصطفى نعمان،,</subfield>
<subfield code="d">1934-</subfield>
</datafield>
<datafield tag="880" ind1="1" ind2="2">
<subfield code="6">245-02/</subfield>
<subfield code="a">الامام مصطفى صادق الرافعي /</subfield>
<subfield code="c">[تأليف] مصطفى نعمان حسين البدري ؛ [قدم له محمد بهجة الاثري].</subfield>
</datafield>
<datafield tag="880" ind1=" " ind2=" ">
<subfield code="6">260-03/</subfield>
<subfield code="a">[بغداد] :</subfield>
<subfield code="b">مطبعة دار البصري،</subfield>
<subfield code="c">[1968]</subfield>
</datafield>
<datafield tag="880" ind1="1" ind2="4">
<subfield code="6">600-04/</subfield>
<subfield code="a">رافعي، مصطفى صادق،,</subfield>
<subfield code="d">-1937.</subfield>
</datafield>
<datafield tag="880" ind1="1" ind2=" ">
<subfield code="6">700-05/</subfield>
<subfield code="a">أثري، محمد بهجت.</subfield>
</datafield>
<datafield tag="OWN" ind1=" " ind2=" ">
<subfield code="a">GENERAL</subfield>
</datafield>
<datafield tag="AVA" ind1=" " ind2=" ">
<subfield code="a">NYU50</subfield>
<subfield code="b">BOBST</subfield>
<subfield code="c">Main Collection</subfield>
<subfield code="d">PJ7860.A34 Z59 1968</subfield>
<subfield code="e">unavailable</subfield>
<subfield code="t">Unavailable</subfield>
<subfield code="f">1</subfield>
<subfield code="g">1</subfield>
<subfield code="h">N</subfield>
<subfield code="i">0</subfield>
<subfield code="j">MAIN</subfield>
<subfield code="k">0</subfield>
</datafield>
</record>
